<record><leader>00000cas a22000007a 4500</leader><controlfield tag="001">17844033</controlfield><controlfield tag="008">880423d18641865iauwr ne      0    0eng d</controlfield><datafield ind1=" " ind2=" " tag="010"><subfield code="a">sn 88059701 </subfield></datafield><datafield ind1=" " ind2=" " tag="040"><subfield code="a">INP</subfield><subfield code="b">eng</subfield><subfield code="c">INP</subfield><subfield code="d">OCLCQ</subfield></datafield><datafield ind1=" " ind2=" " tag="042"><subfield code="a">msc</subfield></datafield><datafield ind1="0" ind2="0" tag="245"><subfield code="a">Maquoketa weekly excelsior.</subfield></datafield><datafield ind1="3" ind2="0" tag="246"><subfield code="a">Maquoketa excelsior</subfield></datafield><datafield ind1="1" ind2="3" tag="246"><subfield code="a">Excelsior</subfield></datafield><datafield ind1="1" ind2="3" tag="246"><subfield code="a">Weekly excelsior</subfield></datafield><datafield ind1=" " ind2=" " tag="260"><subfield code="a">City of Maquoketa, Iowa :</subfield><subfield code="b">W.S. Eddy,</subfield><subfield code="c">1864-</subfield></datafield><datafield ind1=" " ind2=" " tag="300"><subfield code="a">v.</subfield></datafield><datafield ind1=" " ind2=" " tag="310"><subfield code="a">Weekly</subfield></datafield><datafield ind1="0" ind2=" " tag="362"><subfield code="a">Vol. 9, no. 1 (Mar. 15, 1864)-</subfield></datafield><datafield ind1="1" ind2=" " tag="362"><subfield code="a">Ceased in 1865.</subfield></datafield><datafield ind1=" " ind2=" " tag="500"><subfield code="a">"Weekly" appears above title ornament, Nov. 3, 1864-&lt;Jan. 5, 1865&gt;.</subfield></datafield><datafield ind1=" " ind2=" " tag="752"><subfield code="a">United States</subfield><subfield code="b">Iowa</subfield><subfield code="c">Jackson</subfield><subfield code="d">Maquoketa.</subfield></datafield><datafield ind1="0" ind2="0" tag="780"><subfield code="t">Maquoketa excelsior (Maquoketa, Iowa : 1863)</subfield><subfield code="w">(DLC)sn 87099993</subfield></datafield><datafield ind1="0" ind2="0" tag="785"><subfield code="t">Maquoketa excelsior (Maquoketa, Iowa : 1865)</subfield><subfield code="w">(DLC)sn 88059702</subfield></datafield></record>